[gd_scene load_steps=8 format=2]

[ext_resource path="res://Paths/Path.gd" type="Script" id=1]
[ext_resource path="res://Paths/Path03_Runas/Scenes/Scene01_GoingDown.tscn" type="PackedScene" id=2]
[ext_resource path="res://Paths/Path03_Runas/Scenes/Scene02_TheSlime.tscn" type="PackedScene" id=3]
[ext_resource path="res://Paths/Path03_Runas/Scenes/Scene03_Diving.tscn" type="PackedScene" id=4]
[ext_resource path="res://Paths/Path03_Runas/Scenes/Scene04_FindingTheRunes.tscn" type="PackedScene" id=5]
[ext_resource path="res://UI/UI.gd" type="Script" id=6]
[ext_resource path="res://UI/Button_Transition.gd" type="Script" id=7]

[node name="Path_Runas" type="Node"]

script = ExtResource( 1 )

[node name="Scenes" type="Node" parent="." index="0"]

[node name="Scene01_GoingDown" parent="Scenes" index="0" instance=ExtResource( 2 )]

[node name="Scene02_TheSlime" parent="Scenes" index="1" instance=ExtResource( 3 )]

[node name="Scene03_Diving" parent="Scenes" index="2" instance=ExtResource( 4 )]

[node name="Scene04_FindingTheRunes" parent="Scenes" index="3" instance=ExtResource( 5 )]

[node name="UI" type="Control" parent="." index="1"]

anchor_left = 0.0
anchor_top = 0.0
anchor_right = 0.0
anchor_bottom = 0.0
margin_right = 40.0
margin_bottom = 40.0
rect_pivot_offset = Vector2( 0, 0 )
mouse_filter = 0
mouse_default_cursor_shape = 0
size_flags_horizontal = 1
size_flags_vertical = 1
script = ExtResource( 6 )
transition = false

[node name="Next" type="Button" parent="UI" index="0"]

anchor_left = 0.0
anchor_top = 0.0
anchor_right = 0.0
anchor_bottom = 0.0
margin_left = 1204.0
margin_top = 670.0
margin_right = 1246.0
margin_bottom = 690.0
rect_pivot_offset = Vector2( 0, 0 )
focus_mode = 2
mouse_filter = 0
mouse_default_cursor_shape = 0
size_flags_horizontal = 1
size_flags_vertical = 1
toggle_mode = false
enabled_focus_mode = 2
shortcut = null
group = null
text = "Next"
flat = false
align = 1

[node name="Back" type="Button" parent="UI" index="1"]

anchor_left = 0.0
anchor_top = 0.0
anchor_right = 0.0
anchor_bottom = 0.0
margin_left = 31.0
margin_top = 666.0
margin_right = 73.0
margin_bottom = 686.0
rect_pivot_offset = Vector2( 0, 0 )
focus_mode = 2
mouse_filter = 0
mouse_default_cursor_shape = 0
size_flags_horizontal = 1
size_flags_vertical = 1
toggle_mode = false
enabled_focus_mode = 2
shortcut = null
group = null
text = "Back"
flat = false
align = 1

[node name="Transition" type="Control" parent="UI" index="2"]

visible = false
anchor_left = 0.0
anchor_top = 0.0
anchor_right = 0.0
anchor_bottom = 0.0
margin_right = 40.0
margin_bottom = 40.0
rect_pivot_offset = Vector2( 0, 0 )
mouse_filter = 0
mouse_default_cursor_shape = 0
size_flags_horizontal = 1
size_flags_vertical = 1

[node name="Cidade" type="Button" parent="UI/Transition" index="0"]

anchor_left = 0.0
anchor_top = 0.0
anchor_right = 0.0
anchor_bottom = 0.0
margin_left = 564.0
margin_top = 595.0
margin_right = 626.0
margin_bottom = 615.0
rect_scale = Vector2( 3, 3 )
rect_pivot_offset = Vector2( 0, 0 )
focus_mode = 2
mouse_filter = 0
mouse_default_cursor_shape = 0
size_flags_horizontal = 1
size_flags_vertical = 1
toggle_mode = false
enabled_focus_mode = 2
shortcut = null
group = null
text = "Cidade"
flat = false
align = 1
script = ExtResource( 7 )
_sections_unfolded = [ "Rect" ]
path = "res://Paths/Path_Template/Hub.tscn"


